@incollection{kohonen1991self,
	title={Self-organizing maps: ophmization approaches},
	author={Kohonen, Teuvo},
	booktitle={Artificial neural networks},
	pages={981--990},
	year={1991},
	publisher={Elsevier}
}

@inproceedings{kohonen1997exploration,
	title={Exploration of very large databases by self-organizing maps},
	author={Kohonen, Teuvo},
	booktitle={Proceedings of international conference on neural networks (icnn'97)},
	volume={1},
	pages={PL1--PL6},
	year={1997},
	organization={IEEE}
}

@inproceedings{ritter1988kohonen,
	title={Kohonen's self-organizing maps: exploring their computational capabilities.},
	author={Ritter, Helge J and Schulten, Klaus},
	booktitle={ICNN},
	pages={109--116},
	year={1988}
}